@article{Hogan:1973,
author = {Hogan, William W.},
title = {Point-to-Set Maps in Mathematical Programming},
journal = {SIAM Review},
volume = {15},
number = {3},
pages = {591-603},
year = {1973},
doi = {10.1137/1015073},
}

@book{blanchini:2007,
  title={Set-Theoretic Methods in Control},
  author={Blanchini, Franco and Miani, Stefano},
  isbn={9780817646066},
  lccn={2007932665},
  year={2008},
  publisher={Springer, London}
}

@book{Apostol:1974,
  author = {Tom M. Apostol},  
  title = {Mathematical Analysis},  
  publisher = {Addison-Wesley},
  year = {1974}}

@INPROCEEDINGS{Kolmanovsky:1995, 
author={Kolmanovsky, Ilya and Gilbert, Elmer G.}, 
booktitle={American Control Conference, Proceedings of the 1995}, 
title={Maximal output admissible sets for discrete-time systems with disturbance inputs}, 
year={1995}, 
month={Jun}, 
volume={3}, 
pages={1995-1999 vol.3}, 
keywords={closed loop systems;control system analysis;discrete time systems;linear systems;optimisation;set theory;actuator saturation;closed-loop systems;constrained disturbance inputs;discrete-time systems;linear systems;maximal output admissible sets;output constraint;polyhedron;Hydraulic actuators;Linear systems;Optical computing;Safety}, 
doi={10.1109/ACC.1995.531239},}

@ARTICLE{Gilbert:1991, 
author={Gilbert, Elmer G. and Tan, Kok Tin}, 
journal={Automatic Control, IEEE Transactions on}, 
title={Linear systems with state and control constraints: the theory and application of maximal output admissible sets}, 
year={1991}, 
month={Sep}, 
volume={36}, 
number={9}, 
pages={1008-1020}, 
keywords={discrete time systems;linear systems;set theory;continuous-time;discrete-time;maximal output admissible sets;pointwise-in-time condition;unforced linear system;Constraint theory;Control systems;Error correction;Linear systems;Stability;Terminology;Tin}, 
doi={10.1109/9.83532}, 
ISSN={0018-9286},}

@article{Courtillot:1958,
author={Courtillot, Marcel},
journal={Comptes rendus hebdomadaires des s{\'e}ances de l'Acad{\'e}mie des s{\'e}ances},
title={Programmation Lin{\'e}aire. Etude de la modification de tous les parameters},
year={1958},
volume={247},
number={7},
pages={670-673}}

@book{Golub:1996,
 author = {Golub, Gene H. and Van Loan, Charles F.},
 title = {Matrix Computations},
 edition = {3rd},
 year = {1996},
 isbn = {0-8018-5414-8},
 publisher = {Johns Hopkins University Press},
 address = {Baltimore, MD, USA},
} 

@BOOK{Boyd:94,
        AUTHOR             = {Boyd, Stephen and {El~{G}haoui}, Laurent and Feron, Eric and Balakrishnan, Venkataramanan},
        ADDRESS            = {Philadelphia, PA},
        MONTH              = jun,
        PUBLISHER          = {{SIAM}},
        SERIES             = {Studies in Applied Mathematics},
        TITLE              = {Linear Matrix Inequalities in System and
                              Control Theory},
        VOLUME             = {15},
        YEAR               = {1994},
        ISBN = {0-89871-334-X}
}

@book{Fletcher:1987,
 author = {Fletcher, Roger},
 title = {Practical Methods of Optimization},
 edition = {2nd},
 year = {1987},
 isbn = {0-471-91547-5},
 publisher = {Wiley-Interscience},
 address = {New York, NY, USA},
} 

@article{fletcher:1993,
  title={Resolving degeneracy in quadratic programming},
  author={Fletcher, Roger},
  journal={Annals of Operations Research},
  volume={46},
  number={2},
  pages={307--334},
  year={1993},
  publisher={Springer}
}